
@inproceedings{xie2015holistically,
  title={Holistically-nested edge detection},
  author={Xie, Saining and Tu, Zhuowen},
  booktitle={Proc. ICCV'15},
  pages={1395--1403},
  year={2015}
}

@article{maninis2018convolutional,
  title={Convolutional oriented boundaries: From image segmentation to high-level tasks},
  author={Maninis, Kevis-Kokitsi and Pont-Tuset, Jordi and Arbel{\'a}ez, Pablo and Van Gool, Luc},
  journal={IEEE transactions on pattern analysis and machine intelligence},
  volume={40},
  number={4},
  pages={819--833},
  year={2018},
  publisher={IEEE}
}

@inproceedings{long2015fully,
  title={Fully convolutional networks for semantic segmentation},
  author={Long, Jonathan and Shelhamer, Evan and Darrell, Trevor},
  booktitle={Proceedings of the IEEE conference on computer vision and pattern recognition},
  pages={3431--3440},
  year={2015}
}

@article{chen2018deeplab,
  title={Deeplab: Semantic image segmentation with deep convolutional nets, atrous convolution, and fully connected crfs},
  author={Chen, Liang-Chieh and Papandreou, George and Kokkinos, Iasonas and Murphy, Kevin and Yuille, Alan L},
  journal={IEEE transactions on pattern analysis and machine intelligence},
  volume={40},
  number={4},
  pages={834--848},
  year={2018},
  publisher={IEEE}
}

@inproceedings{kong2018recurrent,
  title={Recurrent scene parsing with perspective understanding in the loop},
  author={Kong, Shu and Fowlkes, Charless C},
  booktitle={Proceedings of the IEEE Conference on Computer Vision and Pattern Recognition},
  pages={956--965},
  year={2018}
}

@inproceedings{weinzaepfel2013deepflow,
  title={DeepFlow: Large displacement optical flow with deep matching},
  author={Weinzaepfel, Philippe and Revaud, Jerome and Harchaoui, Zaid and Schmid, Cordelia},
  booktitle={Proceedings of the IEEE International Conference on Computer Vision},
  pages={1385--1392},
  year={2013}
}

@inproceedings{dosovitskiy2015flownet,
  title={Flownet: Learning optical flow with convolutional networks},
  author={Dosovitskiy, Alexey and Fischer, Philipp and Ilg, Eddy and Hausser, Philip and Hazirbas, Caner and Golkov, Vladimir and Van Der Smagt, Patrick and Cremers, Daniel and Brox, Thomas},
  booktitle={Proceedings of the IEEE international conference on computer vision},
  pages={2758--2766},
  year={2015}
}

@inproceedings{cao2017realtime,
  title={Realtime multi-person 2d pose estimation using part affinity fields},
  author={Cao, Zhe and Simon, Tomas and Wei, Shih-En and Sheikh, Yaser},
  booktitle={Proceedings of the IEEE Conference on Computer Vision and Pattern Recognition},
  pages={7291--7299},
  year={2017}
}

@inproceedings{wei2016convolutional,
  title={Convolutional pose machines},
  author={Wei, Shih-En and Ramakrishna, Varun and Kanade, Takeo and Sheikh, Yaser},
  booktitle={Proceedings of the IEEE Conference on Computer Vision and Pattern Recognition},
  pages={4724--4732},
  year={2016}
}

@article{liang2018proposal,
  title={Proposal-free network for instance-level object segmentation},
  author={Liang, Xiaodan and Lin, Liang and Wei, Yunchao and Shen, Xiaohui and Yang, Jianchao and Yan, Shuicheng},
  journal={IEEE transactions on pattern analysis and machine intelligence},
  volume={40},
  number={12},
  pages={2978--2991},
  year={2018},
  publisher={IEEE}
}

@inproceedings{dai2015convolutional,
  title={Convolutional feature masking for joint object and stuff segmentation},
  author={Dai, Jifeng and He, Kaiming and Sun, Jian},
  booktitle={Proceedings of the IEEE Conference on Computer Vision and Pattern Recognition},
  pages={3992--4000},
  year={2015}
}

@inproceedings{li2017fully,
  title={Fully convolutional instance-aware semantic segmentation},
  author={Li, Yi and Qi, Haozhi and Dai, Jifeng and Ji, Xiangyang and Wei, Yichen},
  booktitle={Proceedings of the IEEE Conference on Computer Vision and Pattern Recognition},
  pages={2359--2367},
  year={2017}
}

@inproceedings{liang2016reversible,
  title={Reversible recursive instance-level object segmentation},
  author={Liang, Xiaodan and Wei, Yunchao and Shen, Xiaohui and Jie, Zequn and Feng, Jiashi and Lin, Liang and Yan, Shuicheng},
  booktitle={Proceedings of the IEEE Conference on Computer Vision and Pattern Recognition},
  pages={633--641},
  year={2016}
}

@inproceedings{arnab2017pixelwise,
  title={Pixelwise instance segmentation with a dynamically instantiated network},
  author={Arnab, Anurag and Torr, Philip HS},
  booktitle={Proceedings of the IEEE Conference on Computer Vision and Pattern Recognition},
  pages={441--450},
  year={2017}
}

@inproceedings{hariharan2014simultaneous,
  title={Simultaneous detection and segmentation},
  author={Hariharan, Bharath and Arbel{\'a}ez, Pablo and Girshick, Ross and Malik, Jitendra},
  booktitle={European Conference on Computer Vision},
  pages={297--312},
  year={2014},
  organization={Springer}
}

@inproceedings{chen2015multi,
  title={Multi-instance object segmentation with occlusion handling},
  author={Chen, Yi-Ting and Liu, Xiaokai and Yang, Ming-Hsuan},
  booktitle={Proceedings of the IEEE Conference on Computer Vision and Pattern Recognition},
  pages={3470--3478},
  year={2015}
}

@inproceedings{hariharan2015hypercolumns,
  title={Hypercolumns for object segmentation and fine-grained localization},
  author={Hariharan, Bharath and Arbel{\'a}ez, Pablo and Girshick, Ross and Malik, Jitendra},
  booktitle={Proceedings of the IEEE conference on computer vision and pattern recognition},
  pages={447--456},
  year={2015}
}

@inproceedings{dai2016instance,
  title={Instance-aware semantic segmentation via multi-task network cascades},
  author={Dai, Jifeng and He, Kaiming and Sun, Jian},
  booktitle={Proceedings of the IEEE Conference on Computer Vision and Pattern Recognition},
  pages={3150--3158},
  year={2016}
}

@inproceedings{uhrig2016pixel,
  title={Pixel-level encoding and depth layering for instance-level semantic labeling},
  author={Uhrig, Jonas and Cordts, Marius and Franke, Uwe and Brox, Thomas},
  booktitle={German Conference on Pattern Recognition},
  pages={14--25},
  year={2016},
  organization={Springer}
}

@inproceedings{he2017mask,
  title={Mask r-cnn},
  author={He, Kaiming and Gkioxari, Georgia and Doll{\'a}r, Piotr and Girshick, Ross},
  booktitle={Proceedings of the IEEE international conference on computer vision},
  pages={2961--2969},
  year={2017}
}

@article{yang2012layered,
  title={Layered object models for image segmentation},
  author={Yang, Yi and Hallman, Sam and Ramanan, Deva and Fowlkes, Charless C},
  journal={IEEE Transactions on Pattern Analysis and Machine Intelligence},
  volume={34},
  number={9},
  pages={1731--1743},
  year={2012},
  publisher={IEEE}
}

@inproceedings{ladicky2010and,
  title={What, where and how many? Combining object detectors and {CRFS}},
  author={Ladick{\`y}, L'ubor and Sturgess, Paul and Alahari, Karteek and Russell, Chris and Torr, Philip HS},
  booktitle={European conference on computer vision},
  pages={424--437},
  year={2010},
  organization={Springer}
}

@inproceedings{pinheiro2015learning,
  title={Learning to segment object candidates},
  author={Pinheiro, Pedro O and Collobert, Ronan and Doll{\'a}r, Piotr},
  booktitle={Advances in Neural Information Processing Systems},
  pages={1990--1998},
  year={2015}
}

@inproceedings{pinheiro2016learning,
  title={Learning to refine object segments},
  author={Pinheiro, Pedro O and Lin, Tsung-Yi and Collobert, Ronan and Doll{\'a}r, Piotr},
  booktitle={European Conference on Computer Vision},
  pages={75--91},
  year={2016},
  organization={Springer}
}

@inproceedings{hu2017fastmask,
  title={Fastmask: Segment multi-scale object candidates in one shot},
  author={Hu, Hexiang and Lan, Shiyi and Jiang, Yuning and Cao, Zhimin and Sha, Fei},
  booktitle={Proceedings of the IEEE Conference on Computer Vision and Pattern Recognition},
  pages={991--999},
  year={2017}
}

@inproceedings{kirillov2017instancecut,
  title={Instancecut: from edges to instances with multicut},
  author={Kirillov, Alexander and Levinkov, Evgeny and Andres, Bjoern and Savchynskyy, Bogdan and Rother, Carsten},
  booktitle={Proceedings of the IEEE Conference on Computer Vision and Pattern Recognition},
  pages={5008--5017},
  year={2017}
}

@inproceedings{romera2016recurrent,
  title={Recurrent instance segmentation},
  author={Romera-Paredes, Bernardino and Torr, Philip Hilaire Sean},
  booktitle={European conference on computer vision},
  pages={312--329},
  year={2016},
  organization={Springer}
}

@inproceedings{ren2017end,
  title={End-to-end instance segmentation with recurrent attention},
  author={Ren, Mengye and Zemel, Richard S},
  booktitle={Proceedings of the IEEE Conference on Computer Vision and Pattern Recognition},
  pages={6656--6664},
  year={2017}
}

@article{fathi2017semantic,
  title={Semantic instance segmentation via deep metric learning},
  author={Fathi, Alireza and Wojna, Zbigniew and Rathod, Vivek and Wang, Peng and Song, Hyun Oh and Guadarrama, Sergio and Murphy, Kevin P},
  journal={arXiv preprint arXiv:1703.10277},
  year={2017}
}

@inproceedings{newell2017associative,
  title={Associative embedding: End-to-end learning for joint detection and grouping},
  author={Newell, Alejandro and Huang, Zhiao and Deng, Jia},
  booktitle={Advances in Neural Information Processing Systems},
  pages={2277--2287},
  year={2017}
}

@inproceedings{sironi2014multiscale,
  title={Multiscale centerline detection by learning a scale-space distance transform},
  author={Sironi, Amos and Lepetit, Vincent and Fua, Pascal},
  booktitle={Proceedings of the IEEE Conference on Computer Vision and Pattern Recognition},
  pages={2697--2704},
  year={2014}
}

@inproceedings{bai2017deep,
  title={Deep watershed transform for instance segmentation},
  author={Bai, Min and Urtasun, Raquel},
  booktitle={Proceedings of the IEEE Conference on Computer Vision and Pattern Recognition},
  pages={5221--5229},
  year={2017}
}

@InProceedings{Maire_2016_CVPR,
author = {Maire, Michael and Narihira, Takuya and Yu, Stella X.},
title = {Affinity CNN: Learning Pixel-Centric Pairwise Relations for Figure/Ground Embedding},
booktitle = {The IEEE Conference on Computer Vision and Pattern Recognition (CVPR)},
month = {June},
year = {2016}
}

@article{shi2000normalized,
  title={Normalized cuts and image segmentation},
  author={Shi, Jianbo and Malik, Jitendra},
  journal={Departmental Papers (CIS)},
  pages={107},
  year={2000}
}

@inproceedings{kong2018recurrentPix,
  title={Recurrent pixel embedding for instance grouping},
  author={Kong, Shu and Fowlkes, Charless C},
  booktitle={Proceedings of the IEEE Conference on Computer Vision and Pattern Recognition},
  pages={9018--9028},
  year={2018}
}

@article{de2017semantic,
  title={Semantic instance segmentation with a discriminative loss function},
  author={De Brabandere, Bert and Neven, Davy and Van Gool, Luc},
  journal={arXiv preprint arXiv:1708.02551},
  year={2017}
}


@inproceedings{wolf2018mutex,
  title={The mutex watershed: Efficient, parameter-free image partitioning},
  author={Wolf, Steffen and Pape, Constantin and Bailoni, Alberto and Rahaman, Nasim and Kreshuk, Anna and Kothe, Ullrich and Hamprecht, FredA},
  booktitle={Proceedings of the European Conference on Computer Vision (ECCV)},
  pages={546--562},
  year={2018}
}

@inproceedings{liu2018affinity,
  title={Affinity derivation and graph merge for instance segmentation},
  author={Liu, Yiding and Yang, Siyu and Li, Bin and Zhou, Wengang and Xu, Jizheng and Li, Houqiang and Lu, Yan},
  booktitle={Proceedings of the European Conference on Computer Vision (ECCV)},
  pages={686--703},
  year={2018}
}

@article{lee2017superhuman,
  title={Superhuman accuracy on the {SNEMI3D} connectomics challenge},
  author={Lee, Kisuk and Zung, Jonathan and Li, Peter and Jain, Viren and Seung, H Sebastian},
  journal={arXiv preprint arXiv:1706.00120},
  year={2017}
}

@inproceedings{malmberg2011generalized,
  title={Generalized hard constraints for graph segmentation},
  author={Malmberg, Filip and Strand, Robin and Nystr{\"o}m, Ingela},
  booktitle={Scandinavian Conference on Image Analysis},
  pages={36--47},
  year={2011},
  organization={Springer}
}

@inproceedings{levinkov2017comparative,
  title={A comparative study of local search algorithms for correlation clustering},
  author={Levinkov, Evgeny and Kirillov, Alexander and Andres, Bjoern},
  booktitle={German Conference on Pattern Recognition},
  pages={103--114},
  year={2017},
  organization={Springer}
}

@article{felzenszwalb2004efficient,
  title={Efficient graph-based image segmentation},
  author={Felzenszwalb, Pedro F and Huttenlocher, Daniel P},
  journal={International journal of computer vision},
  volume={59},
  number={2},
  pages={167--181},
  year={2004},
  publisher={Springer}
}


@article{jin2016object,
  title={Object detection free instance segmentation with labeling transformations},
  author={Jin, Long and Chen, Zeyu and Tu, Zhuowen},
  journal={arXiv preprint arXiv:1611.08991},
  year={2016}
}

@inproceedings{de2017semantic,
  title={Semantic instance segmentation for autonomous driving},
  author={De Brabandere, Bert and Neven, Davy and Van Gool, Luc},
  booktitle={Proceedings of the IEEE Conference on Computer Vision and Pattern Recognition Workshops},
  pages={7--9},
  year={2017}
}

@inproceedings{liu2017sgn,
  title={Sgn: Sequential grouping networks for instance segmentation},
  author={Liu, Shu and Jia, Jiaya and Fidler, Sanja and Urtasun, Raquel},
  booktitle={Proceedings of the IEEE International Conference on Computer Vision},
  pages={3496--3504},
  year={2017}
}

@inproceedings{arbelaez2006boundary,
  title={Boundary extraction in natural images using ultrametric contour maps},
  author={Arbelaez, Pablo},
  booktitle={null},
  pages={182},
  year={2006},
  organization={IEEE}
}

@article{arbelaez2011contour,
  title={Contour detection and hierarchical image segmentation},
  author={Arbelaez, Pablo and Maire, Michael and Fowlkes, Charless and Malik, Jitendra},
  journal={IEEE transactions on pattern analysis and machine intelligence},
  volume={33},
  number={5},
  pages={898--916},
  year={2011},
  publisher={IEEE}
}

@article{kiran2014global,
  title={Global--local optimizations by hierarchical cuts and climbing energies},
  author={Kiran, B Ravi and Serra, Jean},
  journal={Pattern Recognition},
  volume={47},
  number={1},
  pages={12--24},
  year={2014},
  publisher={Elsevier}
}

@inproceedings{campello2013density,
  title={Density-based clustering based on hierarchical density estimates},
  author={Campello, Ricardo JGB and Moulavi, Davoud and Sander, J{\"o}rg},
  booktitle={Pacific-Asia conference on knowledge discovery and data mining},
  pages={160--172},
  year={2013},
  organization={Springer}
}

@inproceedings{ren2013image,
  title={Image segmentation by cascaded region agglomeration},
  author={Ren, Zhile and Shakhnarovich, Gregory},
  booktitle={Proceedings of the IEEE Conference on Computer Vision and Pattern Recognition},
  pages={2011--2018},
  year={2013}
}

@inproceedings{arbelaez2014multiscale,
  title={Multiscale combinatorial grouping},
  author={Arbel{\'a}ez, Pablo and Pont-Tuset, Jordi and Barron, Jonathan T and Marques, Ferran and Malik, Jitendra},
  booktitle={Proceedings of the IEEE conference on computer vision and pattern recognition},
  pages={328--335},
  year={2014}
}

@article{liu2016image,
  title={Image segmentation using hierarchical merge tree},
  author={Liu, Ting and Seyedhosseini, Mojtaba and Tasdizen, Tolga},
  journal={IEEE transactions on image processing},
  volume={25},
  number={10},
  pages={4596--4607},
  year={2016},
  publisher={IEEE}
}

@article{nunez2013machine,
  title={Machine learning of hierarchical clustering to segment {2D} and {3D} images},
  author={Nunez-Iglesias, Juan and Kennedy, Ryan and Parag, Toufiq and Shi, Jianbo and Chklovskii, Dmitri B},
  journal={PloS one},
  volume={8},
  number={8},
  pages={e71715},
  year={2013},
  publisher={Public Library of Science}
}

@article{kaynig2015large,
  title={Large-scale automatic reconstruction of neuronal processes from electron microscopy images},
  author={Kaynig, Verena and Vazquez-Reina, Amelio and Knowles-Barley, Seymour and Roberts, Mike and Jones, Thouis R and Kasthuri, Narayanan and Miller, Eric and Lichtman, Jeff and Pfister, Hanspeter},
  journal={Medical image analysis},
  volume={22},
  number={1},
  pages={77--88},
  year={2015},
  publisher={Elsevier}
}

@inproceedings{krasowski2015improving,
  title={Improving {3D} {EM} data segmentation by joint optimization over boundary evidence and biological priors},
  author={Krasowski, Nikola and Beier, Thorsten and Knott, Graham W and Koethe, Ullrich and Hamprecht, Fred A and Kreshuk, Anna},
  booktitle={2015 IEEE 12th International Symposium on Biomedical Imaging (ISBI)},
  pages={536--539},
  year={2015},
  organization={IEEE}
}

@article{liu2014modular,
  title={A modular hierarchical approach to {3D} electron microscopy image segmentation},
  author={Liu, Ting and Jones, Cory and Seyedhosseini, Mojtaba and Tasdizen, Tolga},
  journal={Journal of neuroscience methods},
  volume={226},
  pages={88--102},
  year={2014},
  publisher={Elsevier}
}


@inproceedings{funke2015learning,
  title={Learning to segment: training hierarchical segmentation under a topological loss},
  author={Funke, Jan and Hamprecht, Fred A and Zhang, Chong},
  booktitle={International Conference on Medical Image Computing and Computer-Assisted Intervention},
  pages={268--275},
  year={2015},
  organization={Springer}
}

@article{uzunbas2016efficient,
  title={An efficient conditional random field approach for automatic and interactive neuron segmentation},
  author={Uzunbas, Mustafa Gokhan and Chen, Chao and Metaxas, Dimitris},
  journal={Medical image analysis},
  volume={27},
  pages={31--44},
  year={2016},
  publisher={Elsevier}
}


@inproceedings{liu2016sshmt,
  title={{SSHMT}: Semi-supervised hierarchical merge tree for electron microscopy image segmentation},
  author={Liu, Ting and Zhang, Miaomiao and Javanmardi, Mehran and Ramesh, Nisha and Tasdizen, Tolga},
  booktitle={European Conference on Computer Vision},
  pages={144--159},
  year={2016},
  organization={Springer}
}

@article{funke2018large,
  title={Large scale image segmentation with structured loss based deep learning for connectome reconstruction},
  author={Funke, Jan and Tschopp, Fabian David and Grisaitis, William and Sheridan, Arlo and Singh, Chandan and Saalfeld, Stephan and Turaga, Srinivas C},
  journal={IEEE transactions on pattern analysis and machine intelligence},
  year={2018},
  publisher={IEEE}
}


@inproceedings{funke2018candidate,
  title={The Candidate multi-cut for cell segmentation},
  author={Funke, Jan and Zhang, Chong and Pietzsch, Tobias and Ballester, Miguel A Gonzalez and Saalfeld, Stephan},
  booktitle={2018 IEEE 15th International Symposium on Biomedical Imaging (ISBI 2018)},
  pages={649--653},
  year={2018},
  organization={IEEE}
}

@article{beier2017multicut,
  title={Multicut brings automated neurite segmentation closer to human performance},
  author={Beier, Thorsten and Pape, Constantin and Rahaman, Nasim and Prange, Timo and Berg, Stuart and Bock, Davi D and Cardona, Albert and Knott, Graham W and Plaza, Stephen M and Scheffer, Louis K and others},
  journal={Nature Methods},
  volume={14},
  number={2},
  pages={101},
  year={2017},
  publisher={Nature Publishing Group}
}

@article{guigues2003hierarchy,
  title={The hierarchy of the cocoons of a graph and its application to image segmentation},
  author={Guigues, Laurent and Le Men, Herv{\'e} and Cocquerez, Jean-Pierre},
  journal={Pattern Recognition Letters},
  volume={24},
  number={8},
  pages={1059--1066},
  year={2003},
  publisher={Elsevier}
}

@article{lance1967general,
  title={A general theory of classificatory sorting strategies: 1. {Hierarchical} systems},
  author={Lance, Godfrey N and Williams, William Thomas},
  journal={The computer journal},
  volume={9},
  number={4},
  pages={373--380},
  year={1967},
  publisher={The British Computer Society}
}

@inproceedings{kardoostsolving,
title = {Solving Minimum Cost Lifted Multicut Problems by Node Agglomeration},
author = {Kardoost, Amirhossein and Keuper, Margret},
language = {eng},
year = {2018},
publremark = {Accepted},
MARGINALMARK = {$\bullet$},
BOOKTITLE = {ACCV 2018, 14th Asian Conference on Computer Vision},
ADDRESS = {Perth, Australia},
}

@article{mullner2011modern,
  title={Modern hierarchical, agglomerative clustering algorithms},
  author={M{\"u}llner, Daniel},
  journal={arXiv preprint arXiv:1109.2378},
  year={2011}
}

@inproceedings{lin2014microsoft,
  title={Microsoft coco: Common objects in context},
  author={Lin, Tsung-Yi and Maire, Michael and Belongie, Serge and Hays, James and Perona, Pietro and Ramanan, Deva and Doll{\'a}r, Piotr and Zitnick, C Lawrence},
  booktitle={European conference on computer vision},
  pages={740--755},
  year={2014},
  organization={Springer}
}

@article{everingham2010pascal,
  title={The {Pascal Visual Object Classes (VOC)} challenge},
  author={Everingham, Mark and Van Gool, Luc and Williams, Christopher KI and Winn, John and Zisserman, Andrew},
  journal={International journal of computer vision},
  volume={88},
  number={2},
  pages={303--338},
  year={2010},
  publisher={Springer}
}

@inproceedings{cordts2016cityscapes,
  title={The cityscapes dataset for semantic urban scene understanding},
  author={Cordts, Marius and Omran, Mohamed and Ramos, Sebastian and Rehfeld, Timo and Enzweiler, Markus and Benenson, Rodrigo and Franke, Uwe and Roth, Stefan and Schiele, Bernt},
  booktitle={Proceedings of the IEEE conference on computer vision and pattern recognition},
  pages={3213--3223},
  year={2016}
}

@inproceedings{yarkony2012fast,
  title={Fast planar correlation clustering for image segmentation},
  author={Yarkony, Julian and Ihler, Alexander and Fowlkes, Charless C},
  booktitle={European Conference on Computer Vision},
  pages={568--581},
  year={2012},
  organization={Springer}
}

@inproceedings{pape2017solving,
  title={Solving large multicut problems for connectomics via domain decomposition},
  author={Pape, Constantin and Beier, Thorsten and Li, Peter and Jain, Viren and Bock, Davi D and Kreshuk, Anna},
  booktitle={Proceedings of the IEEE International Conference on Computer Vision},
  pages={1--10},
  year={2017}
}

@article{arganda2015crowdsourcing,
  title={Crowdsourcing the creation of image segmentation algorithms for connectomics},
  author={Arganda-Carreras, Ignacio and Turaga, Srinivas C and Berger, Daniel R and Cire{\c{s}}an, Dan and Giusti, Alessandro and Gambardella, Luca M and Schmidhuber, J{\"u}rgen and Laptev, Dmitry and Dwivedi, Sarvesh and Buhmann, Joachim M and others},
  journal={Frontiers in neuroanatomy},
  volume={9},
  pages={142},
  year={2015},
  publisher={Frontiers}
}

@inproceedings{kappes2011globally,
  title={Globally optimal image partitioning by multicuts},
  author={Kappes, J{\"o}rg Hendrik and Speth, Markus and Andres, Bj{\"o}rn and Reinelt, Gerhard and Schn{\"o}rr, Christoph},
  booktitle={International Workshop on Energy Minimization Methods in Computer Vision and Pattern Recognition},
  pages={31--44},
  year={2011},
  organization={Springer}
}

@article{chopra1991multiway,
  title={On the multiway cut polyhedron},
  author={Chopra, Sunil and Rao, Mendu R},
  journal={Networks},
  volume={21},
  number={1},
  pages={51--89},
  year={1991},
  publisher={Wiley Online Library}
}

@article{andres2015lifting,
  title={Lifting of multicuts},
  author={Andres, Bjoern and Fuksov{\'a}, Andrea and Lange, Jan-Hendrik},
  journal={CoRR, abs/1503.03791},
  volume={3},
  year={2015}
}

@article{schlegel2017learning,
  title={Learning from connectomics on the fly},
  author={Schlegel, Philipp and Costa, Marta and Jefferis, Gregory SXE},
  journal={Current opinion in insect science},
  volume={24},
  pages={96--105},
  year={2017},
  publisher={Elsevier}
}

@inproceedings{ciresan2012deep,
  title={Deep neural networks segment neuronal membranes in electron microscopy images},
  author={Ciresan, Dan and Giusti, Alessandro and Gambardella, Luca M and Schmidhuber, J{\"u}rgen},
  booktitle={Advances in neural information processing systems},
  pages={2843--2851},
  year={2012}
}

@inproceedings{ronneberger2015u,
  title={U-net: Convolutional networks for biomedical image segmentation},
  author={Ronneberger, Olaf and Fischer, Philipp and Brox, Thomas},
  booktitle={International Conference on Medical image computing and computer-assisted intervention},
  pages={234--241},
  year={2015},
  organization={Springer}
}

@inproceedings{cciccek20163d,
  title={{3D U-Net}: learning dense volumetric segmentation from sparse annotation},
  author={{\c{C}}i{\c{c}}ek, {\"O}zg{\"u}n and Abdulkadir, Ahmed and Lienkamp, Soeren S and Brox, Thomas and Ronneberger, Olaf},
  booktitle={International conference on medical image computing and computer-assisted intervention},
  pages={424--432},
  year={2016},
  organization={Springer}
}

@article{ailon2008aggregating,
  title={Aggregating inconsistent information: ranking and clustering},
  author={Ailon, Nir and Charikar, Moses and Newman, Alantha},
  journal={Journal of the ACM (JACM)},
  volume={55},
  number={5},
  pages={23},
  year={2008},
  publisher={ACM}
}

@inproceedings{finkel2008enforcing,
  title={Enforcing transitivity in coreference resolution},
  author={Finkel, Jenny Rose and Manning, Christopher D},
  booktitle={Proceedings of the 46th Annual Meeting of the Association for Computational Linguistics on Human Language Technologies: Short Papers},
  pages={45--48},
  year={2008},
  organization={Association for Computational Linguistics}
}

@inproceedings{andres2012globally,
  title={Globally optimal closed-surface segmentation for connectomics},
  author={Andres, Bjoern and Kroeger, Thorben and Briggman, Kevin L and Denk, Winfried and Korogod, Natalya and Knott, Graham and Koethe, Ullrich and Hamprecht, Fred A},
  booktitle={European Conference on Computer Vision},
  pages={778--791},
  year={2012},
  organization={Springer}
}

@article{perlin1985image,
  title={An image synthesizer},
  author={Perlin, Ken},
  journal={ACM Siggraph Computer Graphics},
  volume={19},
  number={3},
  pages={287--296},
  year={1985}
}
@article{perlin2001noise,
  title={Noise hardware},
  author={Perlin, Ken},
  journal={Real-Time Shading SIGGRAPH Course Notes},
  year={2001}
}
@misc{cremiChallenge,
  title = {{Cremi challenge}},
  author={Funke, Jan and Saalfeld, Stephan and Bock, Davi and Turaga, Srini and Perlman, Eric},
  howpublished = {\url{https://cremi.org.}},
  note = {Accessed: 2019-11-15},
  year = {2016}
}
@article{yu2015multi,
  title={Multi-scale context aggregation by dilated convolutions},
  author={Yu, Fisher and Koltun, Vladlen},
  journal={arXiv preprint arXiv:1511.07122},
  year={2015}
}
@article{paszke2016enet,
  title={Enet: A deep neural network architecture for real-time semantic segmentation},
  author={Paszke, Adam and Chaurasia, Abhishek and Kim, Sangpil and Culurciello, Eugenio},
  journal={arXiv preprint arXiv:1606.02147},
  year={2016}
}
@inproceedings{ren2015faster,
  title={Faster r-cnn: Towards real-time object detection with region proposal networks},
  author={Ren, Shaoqing and He, Kaiming and Girshick, Ross and Sun, Jian},
  booktitle={Advances in neural information processing systems},
  pages={91--99},
  year={2015}
}
@article{kulikov2018instance,
  title={Instance Segmentation by Deep Coloring},
  author={Kulikov, Victor and Yurchenko, Victor and Lempitsky, Victor},
  journal={arXiv preprint arXiv:1807.10007},
  year={2018}
}

@inproceedings{novotny2018semi,
  title={Semi-convolutional operators for instance segmentation},
  author={Novotny, David and Albanie, Samuel and Larlus, Diane and Vedaldi, Andrea},
  booktitle={Proceedings of the European Conference on Computer Vision (ECCV)},
  pages={86--102},
  year={2018}
}
@article{kokkinos2015pushing,
  title={Pushing the boundaries of boundary detection using deep learning},
  author={Kokkinos, Iasonas},
  journal={arXiv preprint arXiv:1511.07386},
  year={2015}
}

@inproceedings{jain2007supervised,
  title={Supervised learning of image restoration with convolutional networks},
  author={Jain, Viren and Murray, Joseph F and Roth, Fabian and Turaga, Srinivas and Zhigulin, Valentin and Briggman, Kevin L and Helmstaedter, Moritz N and Denk, Winfried and Seung, H Sebastian},
  booktitle={2007 IEEE 11th International Conference on Computer Vision},
  pages={1--8},
  year={2007},
  organization={IEEE}
}

@article{meirovitch2016multi,
  title={A multi-pass approach to large-scale connectomics},
  author={Meirovitch, Yaron and Matveev, Alexander and Saribekyan, Hayk and Budden, David and Rolnick, David and Odor, Gergely and Knowles-Barley, Seymour and Jones, Thouis Raymond and Pfister, Hanspeter and Lichtman, Jeff William and others},
  journal={arXiv preprint arXiv:1612.02120},
  year={2016}
}
@article{januszewski2018high,
  title={High-precision automated reconstruction of neurons with flood-filling networks},
  author={Januszewski, Micha{\l} and Kornfeld, J{\"o}rgen and Li, Peter H and Pope, Art and Blakely, Tim and Lindsey, Larry and Maitin-Shepard, Jeremy and Tyka, Mike and Denk, Winfried and Jain, Viren},
  journal={Nature methods},
  volume={15},
  number={8},
  pages={605},
  year={2018},
  publisher={Nature Publishing Group}
}
@article{turaga2009maximin,
  title={Maximin affinity learning of image segmentation},
  author={Turaga, Srinivas C and Briggman, Kevin L and Helmstaedter, Moritz and Denk, Winfried and Seung, H Sebastian},
  booktitle={Advances in Neural Information Processing Systems},
  pages={1865--1873},
  year={2009}
}

@inproceedings{wolf2017learned,
  title={Learned watershed: End-to-end learning of seeded segmentation},
  author={Wolf, Steffen and Schott, Lukas and Kothe, Ullrich and Hamprecht, Fred},
  booktitle={Proceedings of the IEEE International Conference on Computer Vision},
  pages={2011--2019},
  year={2017}
}

@article{knowles2016rhoananet,
  title={{RhoanaNet} pipeline: Dense automatic neural annotation},
  author={Knowles-Barley, Seymour and Kaynig, Verena and Jones, Thouis Ray and Wilson, Alyssa and Morgan, Joshua and Lee, Dongil and Berger, Daniel and Kasthuri, Narayanan and Lichtman, Jeff W and Pfister, Hanspeter},
  journal={arXiv preprint arXiv:1611.06973},
  year={2016}
}

@article{salembier2000binary,
  title={Binary partition tree as an efficient representation for image processing, segmentation, and information retrieval},
  author={Salembier, Philippe and Garrido, Luis},
  journal={IEEE transactions on Image Processing},
  volume={9},
  number={4},
  pages={561--576},
  year={2000},
  publisher={IEEE}
}
@article{grotschel1990facets,
  title={Facets of the clique partitioning polytope},
  author={Gr{\"o}tschel, Martin and Wakabayashi, Yoshiko},
  journal={Mathematical Programming},
  volume={47},
  number={1-3},
  pages={367--387},
  year={1990},
  publisher={Springer}
}

@article{chopra1993partition,
  title={The partition problem},
  author={Chopra, Sunil and Rao, Mendu R},
  journal={Mathematical Programming},
  volume={59},
  number={1-3},
  pages={87--115},
  year={1993},
  publisher={Springer}
}

@article{grotschel1989cutting,
  title={A cutting plane algorithm for a clustering problem},
  author={Gr{\"o}tschel, Martin and Wakabayashi, Yoshiko},
  journal={Mathematical Programming},
  volume={45},
  number={1-3},
  pages={59--96},
  year={1989},
  publisher={Springer}
}

@article{bansal2004correlation,
  title={Correlation clustering},
  author={Bansal, Nikhil and Blum, Avrim and Chawla, Shuchi},
  journal={Machine learning},
  volume={56},
  number={1-3},
  pages={89--113},
  year={2004},
  publisher={Springer}
}

@article{demaine2006correlation,
  title={Correlation clustering in general weighted graphs},
  author={Demaine, Erik D and Emanuel, Dotan and Fiat, Amos and Immorlica, Nicole},
  journal={Theoretical Computer Science},
  volume={361},
  number={2-3},
  pages={172--187},
  year={2006},
  publisher={Elsevier}
}

@inproceedings{beier2016efficient,
  title={An efficient fusion move algorithm for the minimum cost lifted multicut problem},
  author={Beier, Thorsten and Andres, Bj{\"o}rn and K{\"o}the, Ullrich and Hamprecht, Fred A},
  booktitle={European Conference on Computer Vision},
  pages={715--730},
  year={2016},
  organization={Springer}
}

@inproceedings{keuper2015efficient,
  title={Efficient decomposition of image and mesh graphs by lifted multicuts},
  author={Keuper, Margret and Levinkov, Evgeny and Bonneel, Nicolas and Lavou{\'e}, Guillaume and Brox, Thomas and Andres, Bjorn},
  booktitle={Proceedings of the IEEE International Conference on Computer Vision},
  pages={1751--1759},
  year={2015}
}

@inproceedings{lange2018combinatorial,
  title={Combinatorial persistency criteria for multicut and max-cut},
  author={Lange, Jan-Hendrik and Andres, Bjoern and Swoboda, Paul},
  booktitle={Proceedings of the IEEE Conference on Computer Vision and Pattern Recognition},
  pages={6093--6102},
  year={2019}
}

@inproceedings{lange2018partial,
  title={Partial optimality and fast lower bounds for weighted correlation clustering},
  author={Lange, Jan-Hendrik and Karrenbauer, Andreas and Andres, Bjoern},
  booktitle={International Conference on Machine Learning},
  pages={2898--2907},
  year={2018}
}
@inproceedings{schmidt2018cell,
  title={Cell Detection with Star-convex Polygons},
  author={Schmidt, Uwe and Weigert, Martin and Broaddus, Coleman and Myers, Gene},
  booktitle={International Conference on Medical Image Computing and Computer-Assisted Intervention},
  pages={265--273},
  year={2018},
  organization={Springer}
}

@article{saalfeld2012elastic,
  title={Elastic volume reconstruction from series of ultra-thin microscopy sections},
  author={Saalfeld, Stephan and Fetter, Richard and Cardona, Albert and Tomancak, Pavel},
  journal={Nature methods},
  volume={9},
  number={7},
  pages={717},
  year={2012},
  publisher={Nature Publishing Group}
}

@article{zeng2017deepem3d,
  title={{DeepEM3D}: approaching human-level performance on {3D} anisotropic {EM} image segmentation},
  author={Zeng, Tao and Wu, Bian and Ji, Shuiwang},
  journal={Bioinformatics},
  volume={33},
  number={16},
  pages={2555--2562},
  year={2017},
  publisher={Oxford University Press}
}

@article{parag2017anisotropic,
  title={Anisotropic {EM} segmentation by {3D} affinity learning and agglomeration},
  author={Parag, Toufiq and Tschopp, Fabian and Grisaitis, William and Turaga, Srinivas C and Zhang, Xuewen and Matejek, Brian and Kamentsky, Lee and Lichtman, Jeff W and Pfister, Hanspeter},
  journal={arXiv preprint arXiv:1707.08935},
  year={2017}
}


@article{kernighan1970efficient,
  title={An efficient heuristic procedure for partitioning graphs},
  author={Kernighan, Brian W and Lin, Shen},
  journal={Bell system technical journal},
  volume={49},
  number={2},
  pages={291--307},
  year={1970},
  publisher={Wiley Online Library}
}

@article{dice1945measures,
  title={Measures of the amount of ecologic association between species},
  author={Dice, Lee R},
  journal={Ecology},
  volume={26},
  number={3},
  pages={297--302},
  year={1945},
  publisher={Wiley Online Library}
}

@article{sorensen1948method,
  title={A method of establishing groups of equal amplitude in plant sociology based on similarity of species and its application to analyses of the vegetation on Danish commons},
  author={S{\o}rensen, Thorvald},
  journal={Biol. Skr.},
  volume={5},
  pages={1--34},
  year={1948}
}
@article{wolf2019mutex,
  title={The Mutex Watershed and its Objective: Efficient, Parameter-Free Image Partitioning},
  author={Wolf, Steffen and Bailoni, Alberto and Pape, Constantin and Rahaman, Nasim and Kreshuk, Anna and K{\"o}the, Ullrich and Hamprecht, Fred A~},
  journal={arXiv preprint arXiv:1904.12654},
  year={2019}
}
@inproceedings{arnab2017pixelwise,
  title={Pixelwise instance segmentation with a dynamically instantiated network},
  author={Arnab, Anurag and Torr, Philip HS},
  booktitle={Proceedings of the IEEE Conference on Computer Vision and Pattern Recognition},
  pages={441--450},
  year={2017}
}

@inproceedings{liu2018path,
  title={Path aggregation network for instance segmentation},
  author={Liu, Shu and Qi, Lu and Qin, Haifang and Shi, Jianping and Jia, Jiaya},
  booktitle={Proceedings of the IEEE Conference on Computer Vision and Pattern Recognition},
  pages={8759--8768},
  year={2018}
}

@inproceedings{neven2019instance,
  title={Instance segmentation by jointly optimizing spatial embeddings and clustering bandwidth},
  author={Neven, Davy and Brabandere, Bert De and Proesmans, Marc and Gool, Luc Van},
  booktitle={Proceedings of the IEEE Conference on Computer Vision and Pattern Recognition},
  pages={8837--8845},
  year={2019}
}

@article{cheng2019panopticdeeplab,
    title={Panoptic-{DeepLab}},
    author={Bowen Cheng and Maxwell D. Collins and Yukun Zhu and Ting Liu and Thomas S. Huang and Hartwig Adam and Liang-Chieh Chen},
    year={2019},
    eprint={1910.04751},
    archivePrefix={arXiv},
    primaryClass={cs.CV},
    journal={arXiv preprint arXiv:1910.04751},
}

@inproceedings{xiong2019upsnet,
  title={Upsnet: A unified panoptic segmentation network},
  author={Xiong, Yuwen and Liao, Renjie and Zhao, Hengshuang and Hu, Rui and Bai, Min and Yumer, Ersin and Urtasun, Raquel},
  booktitle={Proceedings of the IEEE Conference on Computer Vision and Pattern Recognition},
  pages={8818--8826},
  year={2019}
}

@InProceedings{Gao_2019_ICCV,
author = {Gao, Naiyu and Shan, Yanhu and Wang, Yupei and Zhao, Xin and Yu, Yinan and Yang, Ming and Huang, Kaiqi},
title = {{SSAP}: Single-Shot Instance Segmentation With Affinity Pyramid},
booktitle = {The IEEE International Conference on Computer Vision (ICCV)},
month = {October},
year = {2019}
}

@inproceedings{porzi2019seamless,
  title={Seamless scene segmentation},
  author={Porzi, Lorenzo and Bulo, Samuel Rota and Colovic, Aleksander and Kontschieder, Peter},
  booktitle={Proceedings of the IEEE Conference on Computer Vision and Pattern Recognition},
  pages={8277--8286},
  year={2019}
}

@inproceedings{sofiiuk2019adaptis,
  title={{AdaptIS}: Adaptive Instance Selection Network},
  author={Sofiiuk, Konstantin and Barinova, Olga and Konushin, Anton},
  booktitle={Proceedings of the IEEE International Conference on Computer Vision},
  pages={7355--7363},
  year={2019}
}

@article{li2018learning,
  title={Learning to fuse things and stuff},
  author={Li, Jie and Raventos, Allan and Bhargava, Arjun and Tagawa, Takaaki and Gaidon, Adrien},
  journal={arXiv preprint arXiv:1812.01192},
  year={2018}
}


@inproceedings{Cucuringu2019SPONGEAG,
  title={{SPONGE}: A generalized eigenproblem for clustering signed networks},
  author={Mihai Cucuringu and Peter Davies and Aldo Glielmo and Hemant Tyagi},
  booktitle={AISTATS},
  year={2019}
}

@inproceedings{chiang2012scalable,
  title={Scalable clustering of signed networks using balance normalized cut},
  author={Chiang, Kai-Yang and Whang, Joyce Jiyoung and Dhillon, Inderjit S},
  booktitle={Proceedings of the 21st ACM international conference on Information and knowledge management},
  pages={615--624},
  year={2012},
  organization={ACM}
}

@inproceedings{kunegis2010spectral,
  title={Spectral analysis of signed graphs for clustering, prediction and visualization},
  author={Kunegis, J{\'e}r{\^o}me and Schmidt, Stephan and Lommatzsch, Andreas and Lerner, J{\"u}rgen and De Luca, Ernesto W and Albayrak, Sahin},
  year={2010},
  organization={SIAM}
}

@article{lee2019learning,
  title={Learning Dense Voxel Embeddings for {3D} Neuron Reconstruction},
  author={Lee, Kisuk and Lu, Ran and Luther, Kyle and Seung, H Sebastian},
  journal={arXiv preprint arXiv:1909.09872},
  year={2019}
}

@inproceedings{rangapuram2012constrained,
  title={Constrained 1-Spectral Clustering.},
  author={Rangapuram, Syama Sundar and Hein, Matthias},
  booktitle={AISTATS},
  volume={30},
  pages={90},
  year={2012}
}

@article{wang2014constrained,
  title={On constrained spectral clustering and its applications},
  author={Wang, Xiang and Qian, Buyue and Davidson, Ian},
  journal={Data Mining and Knowledge Discovery},
  volume={28},
  number={1},
  pages={1--30},
  year={2014},
  publisher={Springer}
}

@inproceedings{cucuringu2016simple,
  title={Simple and scalable constrained clustering: a generalized spectral method},
  author={Cucuringu, Mihai and Koutis, Ioannis and Chawla, Sanjay and Miller, Gary and Peng, Richard},
  booktitle={Artificial Intelligence and Statistics},
  pages={445--454},
  year={2016}
}

@inproceedings{meirovitch2019cross,
  title={Cross-Classification Clustering: An Efficient Multi-Object Tracking Technique for {3-D} Instance Segmentation in Connectomics},
  author={Meirovitch, Yaron and Mi, Lu and Saribekyan, Hayk and Matveev, Alexander and Rolnick, David and Shavit, Nir},
  booktitle={Proceedings of the IEEE Conference on Computer Vision and Pattern Recognition},
  pages={8425--8435},
  year={2019}
}
